@Article{Paper,
    author  = {Nicolas Thiers and Mick Van Brantegem},
    date    = {2022-05-29},
    title   = {Paper Research Methods: Het performantie verschil tussen een REST API en een gRPC API bij het versturen van datasets.},
    url = {https://github.com/thiersnicolas/rm-2122-paper-rmvanbrantegemthiers.git},
    urldate = {2023-02-17},
}

@WWW{gzipCompressie,
    url = {http://www.java2s.com/example/java-utility-method/gzip/gzip-final-t-o-172fb.html},
    author = {www.java2s.com},
    urldate = {2023-05-24},
    title = {Java GZip gzip(final T o)},
}

@WWW{gzipDecompressie,
    url = {http://www.java2s.com/example/java-utility-method/gzip/gzipdecompress-byte-compressed-e7bb1.html},
    author = {www.java2s.com},
    urldate = {2023-05-24},
    title = {Java GZip gzipDecompress(byte[] compressed)},
}

@WWW{gzipBrowerSupport,
    url = {https://caniuse.com/?search=gzip},
    title = {gzip compression},
    author = {Alexis Deveria},
    urldate = {2023-05-25},
}

@WWW{quarkusgzipcompressiegithub,
    url = {https://github.com/quarkusio/quarkus/discussions/23162},
    author = {github},
    urldate = {2023-05-24},
    title = {How can I enable Content-Encoding:gzip to Quarkus HTTP},
}

@WWW{quarkusgzipcompressie,
    url = {https://quarkus.io/guides/resteasy#gzip-support},
    author = {Quarkus},
    urldate = {2023-05-24},
    title = {RESTEASY CLASSIC - GZip Support},
}

@Article{redhatwhatiskubernetes,
    url = {https://www.redhat.com/en/topics/containers/what-is-a-kubernetes-cluster},
    author = {RedHat},
    date = {2020-01-15},
    urldate = {2023-05-25},
    title = {What is a Kubernetes cluster?}
}

@Article{uptrends,
    author = {Uptrends},
    date = {2022-04-02},
    title = {Wat is REST API?},
    urldate = {2022-05-05},
}

@WWW{hubspot,
    author = {Jamie Juveler},
    date = {2020-10-28},
    title = {REST APIs: How They Work and What You Need to Know},
    url = {https://blog.hubspot.com/website/what-is-rest-api},
    urldate = {2022-05-05},
}

@WWW{dreamfactory,
    author = {H Jeremy},
    date = {2022-02-01},
    title = {gRPC vs. REST: How Does gRPC Compare with Traditional REST APIs?},
    url = {https://blog.dreamfactory.com/grpc-vs-rest-how-does-grpc-compare-with-traditional-rest-apis/#:~:text=“gRPC is roughly 7 times,HTTP/2 by gRPC.”},
    urldate = {2022-05-05},
}

@WWW{microsoft,
    author = {Microsoft},
    date = {2022-04-15},
    title = {Wat zijn microservices?},
    url = {https://azure.microsoft.com/nl-nl/solutions/microservice-applications/},
    urldate = {2022-05-05},
}

@Article{freecodecamp,
    author = {Pramono Winata},
    date = {2019-11-09},
    title = {What is gRPC? Protocol Buffers, Streaming, and Architecture Explained},
    url = {https://www.freecodecamp.org/news/what-is-grpc-protocol-buffers-stream-architecture/},
    urldate = {2022-05-05},
}

@WWW{medium,
    author = {Solutions Aurora},
    date = {2019-01-02},
    title = {REST API Performance Tuning: Getting Started},
    url = {https://medium.com/rpdstartup/rest-api-performance-tuning-getting-started-7a6efefa9e20},
    urldate = {2022-05-05},
}

@WWW{guru99-webservices,
    author = {Alyssa Walker},
    date = {2022-04-16},
    title = {What are Web Services? Architecture, Types, Example},
    url = {https://www.guru99.com/web-service-architecture.html},
    urldate = {2022-05-05},
}

@WWW{w3Protocol,
    author = {W3},
    date = {2022-05-05},
    title = {part of Hypertext Transfer Protocol -- HTTP/1.1RFC 2616 Fielding, et al.},
    url = {https://www.w3.org/Protocols/rfc2616/rfc2616-sec1.html},
    urldate = {2022-05-05},
}

@WWW{HTTP1.1vsHTTP2,
    author = {ABCOM},
    date = {2022-03-17},
    editor = {ABCOM},
    title = {HTTP/1.1 vs HTTP/2: What's the Difference?},
    url = {https://www.digitalocean.com/community/tutorials/http-1-1-vs-http-2-what-s-the-difference},
    urldate = {2022-05-05},
}

@WWW{altexsoft,
    author = {Altexsoft},
    date = {2020-05-29},
    title = {Comparing API Architectural Styles: SOAP vs REST vs GraphQL vs RPC},
    url = {https://www.altexsoft.com/blog/soap-vs-rest-vs-graphql-vs-rpc/},
    urldate = {2022-05-05},
}

@WWW{baeldung,
    author = {Vinicius Fulber Garcia},
    date = {2022-04-24},
    title = {HTTP: 1.0 vs. 1.1 vs 2.0 vs. 3.0},
    url = {www.baeldung.com/cs/http-versions},
    urldate = {2022-05-05},
}

@WWW{jscrambler,
    author = {Camilo Reyes},
    date = {2018-01-29},
    title = {RPC Style vs. REST Web APIs},
    url = {https://blog.jscrambler.com/rpc-style-vs-rest-web-apis},
    urldate = {2022-05-29},
}

@WWW{redhat,
    author = {redhat},
    date = {2020-05-08},
    title = {What is a REST API?},
    url = {https://www.redhat.com/en/topics/api/what-is-a-rest-api},
    urldate = {2022-05-29},
}

@WWW{quarkusAbout,
    author = {Quarkus},
    date = {2023-05-04},
    title = {What is Quarkus?},
    url = {https://quarkus.io/about/},
    urldate = {2023-05-04},
}

@Article{builderPattern,
    author = {GeeksforGeeks},
    date =  {2022-12-05},
    url = {https://www.geeksforgeeks.org/builder-design-pattern/},
    urldate = {2023-05-20},
    title = {Builder Design Pattern},
}

@Article{DTO,
    author = {Ardalis},
    url = {https://ardalis.com/your-api-and-view-models-should-not-reference-domain-models/},
    date = {2017-10-03},
    urldate = {2023-05-20},
    title = {Your API and View Models Should Not Reference Domain Models},
}

@WWW{quarkusREST,
    author = {Quarkus},
    date = {2023-05-05},
    title = {Resteasy Classic},
    url = {https://quarkus.io/guides/resteasy},
    urldate = {2023-05-05},
}

@WWW{quarkusRESTclient,
    author = {Quarkus},
    date = {2023-05-14},
    title = {Using The Legacy REST Client},
    url = {https://quarkus.io/guides/rest-client},
    urldate = {2023-05-14},
}

@WWW{quarkusgRPC,
    author = {Quarkus},
    date = {2023-05-05},
    title = {Getting Started With gRPC},
    url = {https://quarkus.io/guides/grpc-getting-started},
    urldate = {2023-05-05},
}

@WWW{quarkusgRPCclient,
    author = {Quarkus},
    date = {2023-05-15},
    title = {Getting Started With gRPC},
    url = {https://quarkus.io/guides/grpc-service-consumption},
    urldate = {2023-05-15},
}

@WWW{SmallRyeMutiny,
    url = {https://smallrye.io/smallrye-mutiny/2.0.0/reference/uni-and-multi/},
    author = {SmallRye Mutiny},
    title = {Uni and Multi},
    urldate = {2023-05-20},
}

@WWW{MultiSubscribing,
    url = {https://smallrye.io/smallrye-mutiny/2.0.0/tutorials/creating-multi-pipelines/#subscribing-to-a-multi},
    author = {SmallRye Mutiny},
    title = {Subscribing to a Multi},
    urldate = {2023-05-20},
}

@WWW{Consumer,
    url = {https://docs.oracle.com/javase/8/docs/api/java/util/function/Consumer.html},
    author = {Oracle},
    title = {Interface Consumer<T>},
    urldate = {2023-05-20}
}

@Article{paging,
    url = {https://docs.elastic.io/developers/using-paging.html},
    author = {{elastic.io GmbH}},
    title = {Why to use paging with rest API requests?},
    urldate = {2023-05-21}
}

@Article{wachtenLaadtijd,
    url = {https://www.researchgate.net/publication/220893869_A_Study_on_Tolerable_Waiting_Time_How_Long_Are_Web_Users_Willing_to_Wait},
    author = {Fiona Fui-Hoon Nah},
    title = {A Study on Tolerable Waiting Time: How Long Are Web Users Willing to Wait?},
    urldate = {2023-05-21},
    date = {2003-08-04},
}

@Article{grpcintroduction,
    url = {https://grpc.io/docs/what-is-grpc/introduction/},
    author = {{gRPC Authors}},
    title = {Introduction to gRPC},
    urldate = {2023-05-21},
    date = {2023-02-16},
}

@Article{restcompression,
    url = {https://restfulapi.net/rest-resource-compression/},
    date = {2021-09-27},
    urldate = {2023-05-25},
    title = {REST Resource Representation Compression},
    author = {Lokesh Gupta},
}

@Article{grpccoreconcepts,
    url = {https://grpc.io/docs/what-is-grpc/core-concepts/},
    author = {{gRPC Authors}},
    title = {Core concepts, architecture and lifecycle},
    urldate = {2023-05-21},
    date = {2023-02-16},
}

@Manual{grpcscalartypes,
    key = {https://protobuf.dev/programming-guides/proto3/#scalar},
    author = {{Google LLC}},
    title = {Scalar Value Types},
    urldate = {2023-05-21},
}

@Manual{googlepaging,
    url = {https://cloud.google.com/apis/design/design_patterns#list_pagination},
    author = {{Google LLC}},
    title = {List Pagination},
    urldate = {2023-05-21},
}

@WWW{Runnable,
    url = {https://docs.oracle.com/javase/8/docs/api/java/lang/Runnable.html},
    author = {Oracle},
    title = {Interface Runnable},
    urldate = {2023-05-20}
}

@WWW{protofilesharingSol1,
    url = {https://www.bugsnag.com/blog/libraries-for-grpc-services},
    author = {SIMON BOWRING},
    date = {2018-02-06},
    urldate = {2023-05-21},
    title = {Packaging Generated Code for gRPC Services},
}

@WWW{protofilesharingSol2,
    url = {https://devblogs.microsoft.com/premier-developer/sharing-grpc-protobuf-contracts-using-a-rest-endpoint/},
    author = {Randy Patterson},
    date = {2020-05-18},
    urldate = {2023-05-21},
    title = {Sharing gRPC ProtoBuf contracts using a REST endpoint},
}

@WWW{protofilesharingSol3,
    url = {https://github.com/grpc/grpc/blob/master/doc/server-reflection.md},
    author = {Jean De Klerk and Jan Tattermusch and Kane York and Abishek Kumar},
    date = {2022-04-28},
    urldate = {2023-05-21},
    title = {GRPC Server Reflection Protocol},
}

@WWW{githubhttp2,
    url = {https://http2.github.io/faq/},
    author = {github},
    urldate = {2022-05-22},
    title = {HTTP/2 Frequently Asked Questions}
}

@WWW{sslcomhttp2tls,
    url = {https://www.ssl.com/article/an-introduction-to-http2/#http2-security},
    author = {Nick Naziridis},
    urldate = {2022-05-22},
    title = {An introduction to HTTP/2},
    date = {2018-11-07},
}

@WWW{browserhttp2support,
    url = {https://caniuse.com/http2},
    author = {Alexis Deveria},
    urldate = {2023-05-22},
    title = {Can I use HTTP/2 protocol},
}

@WWW{tlsBasics,
    url = {https://www.internetsociety.org/deploy360/tls/basics/?gclid=CjwKCAjwpayjBhAnEiwA-7enazSjGt3wJZQlYG7uc_SAmWyNx0EOsYpYlx1zdeYUmxXXl6iME_atHBoCIxwQAvD_BwE},
    author = {{Internet Society}},
    urldate = {2023-05-22},
    title = {TLS Basics},

}

@WWW{grpctls,
    url = {https://grpc.io/docs/guides/auth/#:~:text=SSL%2FTLS%3A%20gRPC%20has%20SSL,provide%20certificates%20for%20mutual%20authentication},
    author = {{ gRPC Authors}},
    urldate = {2023-05-22},
    title = {Authentication},
}

@Article{http11vshttp2,
    url = {https://dspace.mit.edu/bitstream/handle/1721.1/119526/1066694509-MIT.pdf},
    author = {Eeway Erika Hsu},
    urldate = {2023-05-22},
    title = {Evaluating HTTP/1.1 and HTTP/2 Performance with Dependency Graph Properties},
    date = {2017-07-21},
}

@Article{tlsperformance,
    title = {The performance impact of TLS},
    author = {Thierry Notermans},
    urldate = {2023-05-22},
    date = {2021-07-28},
    url = {https://kadiska.com/the-performance-impact-of-tls/},
}

@Article{openshifttls,
    title = {gRPC or HTTP/2 Ingress Connectivity in OpenShift},
    url = {https://cloud.redhat.com/blog/grpc-or-http/2-ingress-connectivity-in-openshift},
    author = {Sumit Shatwara},
    date = {2021-06-23},
    urldate = {2023-05-22}
}

@Article{redhatapissoaprestgraphqlgrpc,
    title = {An architect's guide to APIs: SOAP, REST, GraphQL, and gRPC},
    url = {https://www.redhat.com/architect/apis-soap-rest-graphql-grpc},
    urldate = {2023-05-23},
    date = {2020-10-02},
    author = {Bob Reselman},
}

@Article{soap,
    url = {https://www.altexsoft.com/blog/engineering/what-is-soap-formats-protocols-message-structure-and-how-soap-is-different-from-rest/},
    title = {What is SOAP: Formats, Protocols, Message Structure, and How SOAP is Different from REST},
    date = {2019-08-20},
    urldate = {2023-05-23},
    author = {Altexsoft}
}

@WWW{graphql,
    url = {https://graphql.org/},
    title = {A query language for your API},
    urldate = {2023-05-23},
    author = {{The GraphQL Foundation}},
}

@Article{graphqlfrontend,
    url = {https://dev.to/bornfightcompany/5-reasons-why-frontend-developers-love-graphql-16h8},
    author = {Luka Kukina},
    date = {2021-10-11},
    urldate = {2023-05-23},
    title = {5 reasons why Frontend Developers love GraphQL},

}

@WWW{graphqlsubscriptions,
    url = {https://altairgraphql.dev/docs/learn/subscriptions.html#how-to-use-graphql-subscriptions},
    author = {Altair},
    title = {GraphQL Subscriptions},
    urldate = {2023-05-23},
    date = {2023-05-22},
}

@WWW{sslcertificate,
    url = {https://aws.amazon.com/what-is/ssl-certificate/},
    author = {AWS},
    title = {What Is An SSL/TLS Certificate?},
    urldate = {2023-05-23},
}

@WWW{sslhandshake,
    url = {https://www.f5.com/glossary/ssl-tls-encryption},
    author = {F5},
    title = {What is SSL/TLS Encryption?},
    urldate = {2023-05-23},
}

@WWW{RandomStringUtils,
    author = {{The Apache Software Foundation}},
    date = {2023-05-12},
    title = {RandomStringUtils},
    url = {https://commons.apache.org/proper/commons-lang/apidocs/org/apache/commons/lang3/RandomStringUtils.html},
    urldate = {2023-05-12},
}

@WWW{RandomDataGenerator,
    author = {{The Apache Software Foundation}},
    date = {2023-05-12},
    title = {RandomDataGenerator},
    url = {https://commons.apache.org/proper/commons-math/javadocs/api-3.6.1/org/apache/commons/math3/random/RandomDataGenerator.html},
    urldate = {2023-05-12},
}

@WWW{Jakarta,
    author = {{Contributors to Jakarta RESTful Web Services (https://github.com/eclipse-ee4j/jaxrs-api/graphs/contributors)}},
    date = {2022-02-28},
    title = {Jakarta RESTful Web Services},
    url = {https://jakarta.ee/specifications/restful-ws/3.1/jakarta-restful-ws-spec-3.1.html#introduction},
    urldate = {2023-05-07},
}

@WWW{Gradle,
    author = {{Gradle Inc.}},
    date = {2023-05-07},
    title = {What is Gradle?},
    url = {https://docs.gradle.org/current/userguide/what_is_gradle.html},
    urldate = {2023-05-07},
}

@WWW{gRPCBestPractices,
    url = {https://protobuf.dev/programming-guides/dos-donts/},
    author = {{Google LLC}},
    title = {Proto Best Practices},
    urldate = {2023-05-20}
}

@WWW{cloudflare,
    author = {cloudflare},
    date = {2022-05-29},
    title = {HTTP/2 vs. HTTP/1.1: How do they affect web performance?},
    url = {https://www.cloudflare.com/learning/performance/http2-vs-http1.1},
    urldate = {2022-05-29},
}

@Article{tutsplus,
    author = {Gigi Sayfan},
    date = {2018-05-08},
    title = {REST vs. gRPC: Battle of the APIs},
    url = {https://code.tutsplus.com/tutorials/rest-vs-grpc-battle-of-the-apis--cms-30711},
    urldate = {2022-05-29},
}


@Manual{jackson,
    organization = {FasterXML},
    date = {2023-03-28},
    title = {Jackson Project Home @github},
    url = {https://github.com/FasterXML/jackson},
    urldate = {2023-03-28},

}

@Manual{swagger,
    organization = {SmartBear Software},
    date = {2023-03-30},
    title = {Swagger API Development for Everyone},
    url = {https://https://swagger.io/},
    urldate = {2023-03-30},
}

@Manual{protobuf,
    organization = {Google LLC},
    date = {2023-03-30},
    title = {Protocol Buffers},
    url = {https://protobuf.dev/},
    urldate = {2023-03-30},
}

@Manual{protobufJava,
    organization = {Google LLC},
    urldate = {2023-05-20},
    url = {https://protobuf.dev/getting-started/javatutorial/#:~:text=proto%20file%20are%20simple%3A%20you,proto%20.},
    title = {Protocol Buffer Basics: Java},

}

@WWW{altexsoftgrpc,
    author = {altexsoft},
    date = {2023},
    date = {2023-03-28},
    title = {What is gRPC: Main Concepts, Pros and Cons, Use Cases},
    url = {https://www.altexsoft.com/blog/what-is-grpc/},
    urldate = {2023-03-28},

}

@WWW{yukutakahashi,
    author = {Yuku Takahashi},
    date = {2019-01-25},
    title = {Why gRPC-Web Needs Proxy},
    url = {https://yuku.takahashi.coffee/blog/2019/01/grpc-proxy-for-grpc-web},
    urldate = {2023-03-28},

}

@Article{microsoftgrpchttp,
    author = {James Newton-King},
    date = {2022-09-22},
    title = {Compare gRPC services with HTTP APIs},
    url = {https://learn.microsoft.com/en-us/aspnet/core/grpc/comparison?view=aspnetcore-3.0},
    urldate = {2023-03-28},
}

@Article{grpcversion,
    author = {James Newton-King},
    date = {2022-06-03},
    title = {Versioning gRPC services},
    url = {https://learn.microsoft.com/en-us/aspnet/core/grpc/versioning?view=aspnetcore-7.0},
    urldate = {2023-03-29},
}

@Manual{googleprotobufguide,
    author = {Google},
    date = {2022-05-29},
    title = {Protocol Buffers > Guides},
    url = {https://developers.google.com/protocol-buffers/docs/overview},
}

@Article{restversion,
    author = {Lokesh Gupta},
    date = {2022-12-30},
    title = {How to Version a REST API?},
    url = {https:https://restfulapi.net/versioning/},
    urldate = {2023-03-29},
}

@Manual{json,
    author = {Google},
    date = {2023-03-30},
    title = {Introducing JSON},
    url = {https://www.json.org/json-en.html},
}

@WWW{cleo,
    author = {team cleo},
    date = {2022-05-29},
    title = {What is an API? Everything You Need to Know},
    url = {https://www.cleo.com/blog/knowledge-base-what-is-an-api#:~:text=APIs are needed to bring,use on a daily basis.},
    urldate = {2022-05-29},
}

@WWW{stackrest,
    author = {Stackoverflow},
    date = {2023-05-24},
    url = {https://stackoverflow.com/questions/tagged/rest},
    urldate = {2023-05-24},
}

@WWW{stackgrpc,
    author = {Stackoverflow},
    date = {2023-05-24},
    url = {https://stackoverflow.com/questions/tagged/grpc},
    urldate = {2023-05-24},
}

@WWW{stackgrpcrest,
    author = {Stackoverflow},
    date = {2023-03-28},
    url = {https://insights.stackoverflow.com/trends?tags=grpc%2Crest},
    urldate = {2023-03-28},
}

@WWW{aws,
    author = {AWS},
    date = {2022-05-29},
    title = {Amazon API Gateway quotas and important notes},
    url = {https://docs.aws.amazon.com/apigateway/latest/developerguide/limits.html},
    urldate = {2022-05-29},
}

@WWW{stackoverflowRESTgRPCSOAPGraphQL,
    author = {Stackoverflow},
    date = {2023-05-23},
    title = {Percentages of stackoverflow questions that month REST gRPC SOAP GraphQL},
    urldate = {2023-05-23},
    url = {https://insights.stackoverflow.com/trends?tags=grpc\%2Crest\%2Csoap\%2Cgraphql},
}

@WWW{stackoverflowSOAPGraphQL,
    author = {Stackoverflow},
    date = {2023-05-23},
    title = {Percentages of stackoverflow questions that month SOAP GraphQL},
    urldate = {2023-05-23},
    url = {https://insights.stackoverflow.com/trends?tags=soap\%2Cgraphql},
}

@WWW{stackoverflowRESTgRPC,
    author = {Stackoverflow},
    date = {2023-05-23},
    title = {Percentages of stackoverflow questions that month REST gRPC},
    urldate = {2023-05-23},
    url = {https://insights.stackoverflow.com/trends?tags=grpc\%2Crest},
}

%@Comment{jabref-meta: databaseType:biblatex;}
