@Article{uptrends,
  author  = {Uptrends},
  date    = {2022-04-02},
  title   = {Wat is REST API?},
  urldate = {2022-05-05},
}

@WWW{hubspot,
  author  = {Jamie Juveler},
  date    = {2020-10-28},
  title   = {REST APIs: How They Work and What You Need to Know},
  url     = {https://blog.hubspot.com/website/what-is-rest-api},
  urldate = {2022-05-05},
}

@WWW{dreamfactory,
  author  = {H Jeremy},
  date    = {2022-02-01},
  title   = {gRPC vs. REST: How Does gRPC Compare with Traditional REST APIs?},
  url     = {https://blog.dreamfactory.com/grpc-vs-rest-how-does-grpc-compare-with-traditional-rest-apis/#:~:text=“gRPC is roughly 7 times,HTTP/2 by gRPC.”},
  urldate = {2022-05-05},
}

@WWW{microsoft,
  author  = {Microsoft},
  date    = {2022-04-15},
  title   = {Wat zijn microservices?},
  url     = {https://azure.microsoft.com/nl-nl/solutions/microservice-applications/},
  urldate = {2022-05-05},
}

@Article{freecodecamp,
  author  = {Pramono Winata},
  date    = {2019-11-09},
  title   = {What is gRPC? Protocol Buffers, Streaming, and Architecture Explained},
  url     = {https://www.freecodecamp.org/news/what-is-grpc-protocol-buffers-stream-architecture/},
  urldate = {2022-05-05},
}

@WWW{medium,
  author  = {Solutions Aurora},
  date    = {2019-01-02},
  title   = {REST API Performance Tuning: Getting Started},
  url     = {https://medium.com/rpdstartup/rest-api-performance-tuning-getting-started-7a6efefa9e20},
  urldate = {2022-05-05},
}

@WWW{guru99-webservices,
  author  = {Alyssa Walker},
  date    = {2022-04-16},
  title   = {What are Web Services? Architecture, Types, Example},
  url     = {https://www.guru99.com/web-service-architecture.html},
  urldate = {2022-05-05},
}

@WWW{w3Protocol,
  author  = {W3},
  date    = {2022-05-05},
  title   = {part of Hypertext Transfer Protocol -- HTTP/1.1RFC 2616 Fielding, et al.},
  url     = {https://www.w3.org/Protocols/rfc2616/rfc2616-sec1.html},
  urldate = {2022-05-05},
}

@WWW{HTTP1.1vsHTTP2,
  author  = {ABCOM},
  date    = {2022-03-17},
  editor  = {ABCOM},
  title   = {HTTP/1.1 vs HTTP/2: What's the Difference?},
  url     = {https://www.digitalocean.com/community/tutorials/http-1-1-vs-http-2-what-s-the-difference},
  urldate = {2022-05-05},
}

@WWW{altexsoft,
  author  = {Altexsoft},
  date    = {2020-05-29},
  title   = {Comparing API Architectural Styles: SOAP vs REST vs GraphQL vs RPC},
  url     = {https://www.altexsoft.com/blog/soap-vs-rest-vs-graphql-vs-rpc/},
  urldate = {2022-05-05},
}

@WWW{baeldung,
  author  = {Vinicius Fulber Garcia},
  date    = {2022-04-24},
  title   = {HTTP: 1.0 vs. 1.1 vs 2.0 vs. 3.0},
  url     = {www.baeldung.com/cs/http-versions},
  urldate = {2022-05-05},
}

@WWW{jscrambler,
  author  = {Camilo Reyes},
  date    = {2018-01-29},
  title   = {RPC Style vs. REST Web APIs},
  url     = {https://blog.jscrambler.com/rpc-style-vs-rest-web-apis},
  urldate = {2022-05-29},
}

@WWW{redhat,
  author  = {redhat},
  date    = {2020-05-08},
  title   = {What is a REST API?},
  url     = {https://www.redhat.com/en/topics/api/what-is-a-rest-api},
  urldate = {2022-05-29},
}

@WWW{cloudflare,
  author  = {cloudflare},
  date    = {2022-05-29},
  title   = {HTTP/2 vs. HTTP/1.1: How do they affect web performance?},
  url     = {https://www.cloudflare.com/learning/performance/http2-vs-http1.1},
  urldate = {2022-05-29},
}

@Article{tutsplus,
  author  = {Gigi Sayfan},
  date    = {2018-05-08},
  title   = {REST vs. gRPC: Battle of the APIs},
  url     = {https://code.tutsplus.com/tutorials/rest-vs-grpc-battle-of-the-apis--cms-30711},
  urldate = {2022-05-29},
}

@Manual{googleprotobufguide,
  author = {Google},
  date   = {2022-05-29},
  title  = {Protocol Buffers > Guides},
  url    = {https://developers.google.com/protocol-buffers/docs/overview},
}

@Manual{protobuf,
  author = {Google LLC},
  date   = {2022-05-29},
  title  = {Protocol Buffers},
  url    = {https://protobuf.dev/},
  urldate = {2022-05-29}
}

@WWW{cleo,
  author  = {team cleo},
  date    = {2022-05-29},
  title   = {What is an API? Everything You Need to Know},
  url     = {https://www.cleo.com/blog/knowledge-base-what-is-an-api#:~:text=APIs are needed to bring,use on a daily basis.},
  urldate = {2022-05-29},
}

@WWW{stackrest,
  author  = {Stackoverflow},
  date    = {2022-05-29},
  url     = {https://stackoverflow.com/questions/tagged/rest},
  urldate = {2022-05-29},
}

@WWW{stackgrpc,
  author  = {Stackoverflow},
  date    = {2022-05-29},
  url     = {https://stackoverflow.com/questions/tagged/grpc},
  urldate = {2022-05-29},
}

@WWW{aws,
  author  = {AWS},
  date    = {2022-05-29},
  title   = {Amazon API Gateway quotas and important notes},
  url     = {https://docs.aws.amazon.com/apigateway/latest/developerguide/limits.html},
  urldate = {2022-05-29},
}

@Comment{jabref-meta: databaseType:biblatex;}
